<?xml version="1.0" encoding="UTF-8"?><collection xmlns="http://www.loc.gov/MARC21/slim"><record><leader>00684nam--2200181-i-4500</leader><controlfield tag="001">000041126</controlfield><controlfield tag="002">20161230</controlfield><controlfield tag="005">20161230201043</controlfield><controlfield tag="008">060222s1000------------r-----000-0-eng-d</controlfield><datafield ind1=" " ind2=" " tag="040"><subfield code="a">IFIN-HH</subfield></datafield><datafield ind1=" " ind2=" " tag="080"><subfield code="a">539.1.074.55:061.3</subfield></datafield><datafield ind1="1" ind2=" " tag="100"><subfield code="a">Brown, W.L</subfield></datafield><datafield ind1="1" ind2="0" tag="245"><subfield code="a">Semiconductor nuclear-particle detectors and circuits</subfield><subfield code="b">Nuclear science series proceedings of aa conference conducted by the subcommittee on instruments and techniques committee on nuclear science</subfield></datafield><datafield ind1=" " ind2=" " tag="260"><subfield code="a">Washington, D.C</subfield><subfield code="b">National Academy Of Sciences</subfield><subfield code="c">1969</subfield></datafield><datafield ind1=" " ind2=" " tag="300"><subfield code="a">XVIII + 796 P</subfield></datafield><datafield ind1=" " ind2=" " tag="490"><subfield code="a">Nuclear Science Series Publication 1593</subfield><subfield code="v">Report Number 44</subfield></datafield><datafield ind1=" " ind2=" " tag="852"><subfield code="a">13144</subfield><subfield code="c">539</subfield></datafield><datafield ind1=" " ind2=" " tag="CAT"><subfield code="a">Sys</subfield><subfield code="c">20110926</subfield><subfield code="h">152324</subfield></datafield></record></collection>